@BOOK{Kernbach20131,
author={Kernbach, S.},
title={Handbook of collective robotics - fundamentals and challenges},
journal={Handbook of Collective Robotics - Fundamentals and Challenges},
year={2013},
pages={1-914},
doi={10.4032/9789814364119},
note={cited By 1},
url={https://www.scopus.com/inward/record.uri?eid=2-s2.0-84946744618&partnerID=40&md5=1986a468d9dce0a89d8eab2a020f2f98},
document_type={Book},
source={Scopus},
}

@Article{Frese2010,
author="Frese, Udo
and Wagner, Ren{\'e}
and R{\"o}fer, Thomas",
title="A SLAM Overview from a User's Perspective",
journal="KI - K{\"u}nstliche Intelligenz",
year="2010",
volume="24",
number="3",
pages="191--198",
abstract="This paper gives a brief overview on the Simultaneous Localization and Mapping (SLAM) problem from the perspective of using SLAM for an application as opposed to the common view in SLAM research papers that focus on investigating SLAM itself.",
issn="1610-1987",
doi="10.1007/s13218-010-0040-4",
url="http://dx.doi.org/10.1007/s13218-010-0040-4"
}

@INPROCEEDINGS{5769022,
author={L. Qu and H. Wang},
booktitle={2011 International Conference on Consumer Electronics, Communications and Networks (CECNet)},
title={An overview of Robot SLAM problem},
year={2011},
pages={1953-1956},
keywords={Kalman filters;SLAM (robots);mobile robots;particle filtering (numerical methods);Kalman filter;SLAM;mobile robot;particle filter;Educational institutions;Mobile communication;Mobile robots;Simultaneous localization and mapping;Sonar navigation;Kalman Filter;Mobile Robots;Particle Filter;SLAM},
doi={10.1109/CECNET.2011.5769022},
month={April}}

